@online{
    Reference1,
    organization = {Microsoft Azure AI},
    title = {Predictive Maintenance: Step 2A of 3, train and evaluate regression models},
    month = {4},
    year = {2015},
    url = {https://gallery.azure.ai/Experiment/Predictive-Maintenance-Step-2A-of-3-train-and-evaluate-regression-models-2},
    urldate = {2020-07-01}
}

@misc{
    Reference2,
    author = "Fidan Boylu, Ahmad Afsar",
    title = {LSTMs for Predictive Maintenance},
    month = {7},
    year = {2017},
    publisher = {GitHub},
    journal = {GitHub repository},
    howpublished = {\url {https://github.com/Azure/lstms_for_predictive_maintenance}},
    commit = {424300657ba52e9be10f22aec48a084fee537f57}
}

@misc{
    Reference3,
    author = {Umberto Griffo},
    title = {Recurrent Neural Networks for Predictive Maintenance},
    month = {4},
    year = {2019},
    publisher = {GitHub},
    journal = {GitHub repository},
    howpublished = {\url {https://github.com/umbertogriffo/Predictive-Maintenance-using-LSTM}},
    commit = {49413fea7576a340d363f8d8f4a2cfb5cacf3fcd}
}

@misc{
    Reference4,
    organization = {Colah's Blog},
    title = {Understanding LSTMs},
    month = {8},
    year = {2015},
    url = {https://colah.github.io/posts/2015-08-Understanding-LSTMs/},
    urldate = {2020-07-01}
}
